@article{Black1976,
author = {Black, Fischer},
doi = {10.1016/0304-405X(76)90024-6},
issn = {0304-405X},
journal = {Journal of Financial Economics},
month = {jan},
number = {1-2},
pages = {167--179},
publisher = {North-Holland},
title = {{The pricing of commodity contracts}},
volume = {3},
year = {1976}
}
@article{ComteRenault1998,
author = {Comte, Fabienne and Renault, Eric},
doi = {10.1111/1467-9965.00057},
issn = {1467-9965},
journal = {Mathematical Finance},
keywords = {continuous,long memory,stochastic volatility,time option pricing model,volatility persistence,volatility smile},
month = {oct},
number = {4},
pages = {291--323},
publisher = {John Wiley & Sons, Ltd},
title = {{Long memory in continuous-time stochastic volatility models}},
volume = {8},
year = {1998}
}
@article{Derman2016,
author = {Derman, Emanuel and Miller, Michael B.},
doi = {10.1002/9781119289258},
journal = {The Volatility Smile},
month = {aug},
publisher = {John Wiley & Sons, Inc.},
title = {{The Volatility Smile}},
year = {2016}
}
@article{GatheralRosenbaum2014,
archivePrefix = {arXiv},
arxivId = {1410.3394},
author = {Gatheral, Jim and Jaisson, Thibault and Rosenbaum, Mathieu},
doi = {10.1080/14697688.2017.1393551},
eprint = {1410.3394},
issn = {14697696},
journal = {Quantitative Finance},
keywords = {Fractional Brownian motion,Fractional Ornstein–Uhlenbeck,High frequency data,Long memory,Option pricing,Volatility forecasting,Volatility persistence,Volatility smoothness,Volatility surface},
number = {6},
pages = {933--949},
title = {{Volatility is rough}},
volume = {18},
year = {2018}
}
@article{BlackSholes1973,
author = {Black, Fischer and Scholes, Myron},
doi = {10.1086/260062},
issn = {1537534X},
journal = {Journal of Political Economy},
number = {3},
pages = {637--657},
title = {{The Pricing of Options and Corporate Liabilities}},
volume = {81},
year = {1973}
}
@article{Heston1993,
author = {Heston, Steven L.},
doi = {10.1093/rfs/6.2.327},
issn = {0893-9454},
journal = {Review of Financial Studies},
number = {2},
pages = {327--343},
title = {{A Closed-Form Solution for Options with Stochastic Volatility with Applications to Bond and Currency Options}},
volume = {6},
year = {1993}
}
@article{Cont2022,
arxivId = {2203.13820},
author = {Cont, Rama and Das, Purba},
doi = {10.48550/ARXIV.2203.13820},
eprint = {2203.13820},
month = {mar},
title = {{Rough volatility: fact or artefact?}},
year = {2022}
}
@article{Barndorff-Nielsen2002,
author = {Barndorff-Nielsen, Ole E and Shephard, Neil},
doi = {10.1111/1467-9868.00336},
issn = {13697412},
journal = {Journal of the Royal Statistical Society: Series B (Statistical Methodology)},
keywords = {Kalman filter,L\`evy process,Leverage,Power variation,Quadratic variation,Quarticity,Realized volatility,Stochastic volatility,Subordination,Superposition},
month = {may},
number = {2},
pages = {253--280},
title = {{Econometric analysis of realized volatility and its use in estimating stochastic volatility models}},
volume = {64},
year = {2002}
}

@article{Pearson1931,
author = {Pearson, Egon S.},
doi = {10.1093/biomet/22.3-4.423},
issn = {0006-3444},
journal = {Biometrika},
mendeley-groups = {Pricing under Rough Volatility Models},
month = {may},
number = {3-4},
pages = {423--424},
publisher = {Oxford Academic},
title = {{Note on Tests for Normality}},
volume = {22},
year = {1931}
}

@article{Breidt1998,
author = {Breidt, F. Jay and Crato, Nuno and {De Lima}, Pedro},
doi = {10.1016/S0304-4076(97)00072-9},
issn = {03044076},
journal = {Journal of Econometrics},
keywords = {EGARCH,Fractional ARMA,Spectral likelihood estimators},
mendeley-groups = {Pricing under Rough Volatility Models},
number = {1-2},
pages = {325--348},
publisher = {Elsevier BV},
title = {{The detection and estimation of long memory in stochastic volatility}},
volume = {83},
year = {1998}
}

@article{Comte1996,
   author = {F. Comte and E. Renault},
   doi = {10.1016/0304-4076(95)01735-6},
   issn = {0304-4076},
   issue = {1},
   journal = {Journal of Econometrics},
   keywords = {Continuous time models,Long memory},
   month = {7},
   pages = {101-149},
   publisher = {North-Holland},
   title = {Long memory continuous time models},
   volume = {73},
   year = {1996},
}

@article{Ding1993,
   author = {Zhuanxin Ding and Clive W.J. Granger and Robert F. Engle},
   doi = {10.1016/0927-5398(93)90006-D},
   issn = {0927-5398},
   issue = {1},
   journal = {Journal of Empirical Finance},
   month = {6},
   pages = {83-106},
   publisher = {North-Holland},
   title = {A long memory property of stock market returns and a new model},
   volume = {1},
   year = {1993},
}


@article{Cheridito2003,
author = {Cheridito, Patrick and Kawaguchi, Hideyuki and Maejima, Makoto},
doi = {10.1214/EJP.V8-125},
journal = {Electronic Journal of Probability},
keywords = {45F05,60G18,Fractional Brownian motion,Lamperti transformation AMS subject classification,Langevin equation,long-range dependence,secondary: 60G15,selfsimi-lar processes},
title = {{Fractional Ornstein-Uhlenbeck Processes}},
volume = {8(3):14},
year = {2003}
}


@article{EuchGatheral2018,
   author = {Omar {El Euch} and Jim Gatheral and Radoš Radoičić and Mathieu Rosenbaum},
   doi = {10.48550/arxiv.1809.02098},
   issn = {14697696},
   issue = {2},
   journal = {Quantitative Finance},
   keywords = {Rough Heston model,Zumbach effect},
   month = {9},
   pages = {235-241},
   publisher = {Routledge},
   title = {The Zumbach effect under rough Heston},
   volume = {20},
   year = {2018},
}
